@article{agrawal2011analysis,
  title={Analysis of thompson sampling for the multi-armed bandit problem},
  author={Agrawal, Shipra and Goyal, Navin},
  journal={arXiv preprint arXiv:1111.1797},
  year={2011}
}
@article{jagannathan2013state,
  title={A state action frequency approach to throughput maximization over uncertain wireless channels},
  author={Jagannathan, Krishna and Mannor, Shie and Menache, Ishai and Modiano, Eytan},
  journal={Internet Mathematics},
  volume={9},
  number={2-3},
  pages={136--160},
  year={2013},
  publisher={Taylor \& Francis}
}