%% This BibTeX bibliography file was created using BibDesk.
%% http://bibdesk.sourceforge.net/


%% Created for Ajay Shenoy at 2016-05-01 12:45:44 +0530 


%% Saved with string encoding Unicode (UTF-8) 



@book{kumar2008wireless,
	Author = {Kumar, Anurag and Manjunath, D and Kuri, Joy},
	Date-Added = {2016-05-01 07:15:42 +0000},
	Date-Modified = {2016-05-01 07:15:42 +0000},
	Publisher = {Morgan Kaufmann},
	Title = {Wireless networking},
	Year = {2008}}

@article{neely2010stochastic,
	Author = {Neely, Michael J},
	Date-Added = {2016-05-01 07:14:01 +0000},
	Date-Modified = {2016-05-01 07:14:01 +0000},
	Journal = {Synthesis Lectures on Communication Networks},
	Number = {1},
	Pages = {1--211},
	Publisher = {Morgan \& Claypool Publishers},
	Title = {Stochastic network optimization with application to communication and queueing systems},
	Volume = {3},
	Year = {2010}}
